@inproceedings{lai2019omniring,
  title={Omniring: Scaling private payments without trusted setup},
  author={Lai, Russell WF and Ronge, Viktoria and Ruffing, Tim and Schr{\"o}der, Dominique and Thyagarajan, Sri Aravinda Krishnan and Wang, Jiafan},
  booktitle={Proceedings of the 2019 ACM SIGSAC Conference on Computer and Communications Security},
  pages={31--48},
  year={2019}
}

@misc{h4sh3d,
      author = {Joël Gugger},
      title = {Bitcoin-Monero Cross-chain Atomic Swap},
      howpublished = {Cryptology ePrint Archive, Paper 2020/1126},
      year = {2020},
      url = {https://eprint.iacr.org/2020/1126}
}
@misc{pre_sign,
	title = {Ring Binning},
	howpublished = {GitHub},
	year = {2021},
	url = {https://github.com/monero-project/research-lab/issues/84}
}
@inproceedings{zkbridge,
author = {Xie, Tiancheng and Zhang, Jiaheng and Cheng, Zerui and Zhang, Fan and Zhang, Yupeng and Jia, Yongzheng and Boneh, Dan and Song, Dawn},
title = {zkBridge: Trustless Cross-chain Bridges Made Practical},
year = {2022},
isbn = {9781450394505},
publisher = {Association for Computing Machinery},
address = {New York, NY, USA},
url = {https://doi.org/10.1145/3548606.3560652},
doi = {10.1145/3548606.3560652},
booktitle = {Proceedings of the 2022 ACM SIGSAC Conference on Computer and Communications Security},
pages = {3003–3017},
}

@misc{zcash,
	author = {Daira-Emma Hopwood and Sean Bowe and Taylor Hornby and Nathan Wilcox},
	title = {Zcash protocol specification},
	year = {2023},
	url = {https://zips.z.cash/protocol/canopy.pdf}
}
	
@misc{uas,
      author = {Sri AravindaKrishnan Thyagarajan and Giulio Malavolta and Pedro Moreno-Sánchez},
      title = {Universal Atomic Swaps: Secure Exchange of Coins Across All Blockchains},
      howpublished = {Cryptology ePrint Archive, Paper 2021/1612},
      year = {2021},
      doi = {10.1109/SP46214.2022.9833731},
      url = {https://eprint.iacr.org/2021/1612}
}
@misc{vts,
      author = {Sri Aravinda KrishnanThyagarajan and Adithya Bhat and Giulio Malavolta and Nico Döttling and Aniket Kate and Dominique Schröder},
      title = {Verifiable Timed Signatures Made Practical},
      howpublished = {Cryptology ePrint Archive, Paper 2020/1563},
      year = {2020},
      doi = {10.1145/3372297.3417263},
      note = {\url{https://eprint.iacr.org/2020/1563}},
      url = {https://eprint.iacr.org/2020/1563}
}
@ARTICLE{squaring_algo,
  author={Öztürk, Erdinç},
  journal={IEEE Transactions on Circuits and Systems I: Regular Papers}, 
  title={Design and Implementation of a Low-Latency Modular Multiplication Algorithm}, 
  year={2020},
  volume={67},
  number={6},
  pages={1902-1911},
  keywords={Delays;Field programmable gate arrays;Hardware;Public key;Computer architecture;Verifiable delay function (VDF);modular multiplication;FPGA;reduction;low-latency circuit design},
  doi={10.1109/TCSI.2020.2966755}}



@article{fixed_vts,
author = {Zhou, Xiaotong and He, Debiao and Ning, Jianting and Luo, Min and Huang, Xinyi},
title = {Efficient Construction of Verifiable Timed Signatures and Its Application in Scalable Payments},
year = {2023},
publisher = {IEEE Press},
volume = {18},
issn = {1556-6013},
url = {https://doi.org/10.1109/TIFS.2023.3306107},
doi = {10.1109/TIFS.2023.3306107},
journal = {Trans. Info. For. Sec.},
pages = {5345–5358},
}

@misc{ring_signatures,
      author = {Shen Noether},
      title = {Ring Signature Confidential Transactions for Monero},
      howpublished = {Cryptology ePrint Archive, Paper 2015/1098},
      year = {2015},
      note = {\url{https://eprint.iacr.org/2015/1098}},
      url = {https://eprint.iacr.org/2015/1098}
}
